This file was created with JabRef 2.2.
Encoding: Cp1252

@CONFERENCE{leme,
  author = {Bruno Araújo and Tiago Guerreiro and Ricardo Costa and Joaquim Jorge},
  title = {LEMe Wall: Desenvolvendo um Sistema de Multi-Projecção},
  booktitle = {13º Encontro Português de Computação Gráfica, Universidade Trás-Os-Montes
	e Alto Douro, Vila Real, Portugal},
  year = {2005},
  month = {10},
  date-added = {2007-07-02 00:54:56 +0100},
  date-modified = {2007-07-02 01:08:35 +0100}
}

@INPROCEEDINGS{r04,
  author = {Kikuo Asai and Noritaka Osawa and Yuji Y. Sugimoto and Yoshiaki Tanaka},
  title = {Viewpoint motion control by body position in immersive projection
	display},
  booktitle = {SAC '02: Proceedings of the 2002 ACM symposium on Applied computing},
  year = {2002},
  pages = {1074--1079},
  address = {New York, NY, USA},
  publisher = {ACM},
  doi = {http://doi.acm.org/10.1145/508791.509002},
  isbn = {1-58113-445-2},
  location = {Madrid, Spain}
}

@INPROCEEDINGS{r09,
  author = {Robert Ball and Chris North and Doug A. Bowman},
  title = {Move to improve: promoting physical navigation to increase user performance
	with large displays},
  booktitle = {CHI '07: Proceedings of the SIGCHI conference on Human factors in
	computing systems},
  year = {2007},
  pages = {191--200},
  address = {New York, NY, USA},
  publisher = {ACM},
  doi = {http://doi.acm.org/10.1145/1240624.1240656},
  isbn = {978-1-59593-593-9},
  location = {San Jose, California, USA}
}

@INPROCEEDINGS{r05,
  author = {Richard A. Bolt},
  title = {Put-that-there: Voice and gesture at the graphics interface},
  booktitle = {SIGGRAPH '80: Proceedings of the 7th annual conference on Computer
	graphics and interactive techniques},
  year = {1980},
  pages = {262--270},
  address = {New York, NY, USA},
  publisher = {ACM},
  doi = {http://doi.acm.org/10.1145/800250.807503},
  isbn = {0-89791-021-4},
  location = {Seattle, Washington, United States}
}

@INPROCEEDINGS{r11,
  author = {Richard A. Bolt and Edward Herranz},
  title = {Two-handed gesture in multi-modal natural dialog},
  booktitle = {UIST '92: Proceedings of the 5th annual ACM symposium on User interface
	software and technology},
  year = {1992},
  pages = {7--14},
  address = {New York, NY, USA},
  publisher = {ACM},
  doi = {http://doi.acm.org/10.1145/142621.142623},
  isbn = {0-89791-549-6},
  location = {Monteray, California, United States}
}

@INPROCEEDINGS{r03,
  author = {Perttu Hamalainen and Tommi Ilmonen and Johanna Hoysniemi and Mikko
	Lindholm and Ari Nykanen},
  title = {Martial arts in artificial reality},
  booktitle = {CHI '05: Proceedings of the SIGCHI conference on Human factors in
	computing systems},
  year = {2005},
  pages = {781--790},
  address = {New York, NY, USA},
  publisher = {ACM},
  doi = {http://doi.acm.org/10.1145/1054972.1055081},
  isbn = {1-58113-998-5},
  location = {Portland, Oregon, USA}
}

@INPROCEEDINGS{r12,
  author = {A. G. Hauptmann},
  title = {Speech and gestures for graphic image manipulation},
  booktitle = {CHI '89: Proceedings of the SIGCHI conference on Human factors in
	computing systems},
  year = {1989},
  pages = {241--245},
  address = {New York, NY, USA},
  publisher = {ACM},
  doi = {http://doi.acm.org/10.1145/67449.67496},
  isbn = {0-89791-301-9}
}

@ARTICLE{r14,
  author = {Heuring, J.J.; Murray, D.W.},
  title = {Modeling and copying human head movements},
  journal = {Robotics and Automation, IEEE Transactions on},
  year = {1999},
  volume = {15},
  pages = {1095-1108},
  number = {6},
  month = {Dec},
  doi = {10.1109/70.817672},
  issn = {1042-296X},
  keywords = {Kalman filters, computer vision, differential equations, frequency
	response, nonlinear filters, telerobotics3D pose recovery, Ornstein-Uhlenbeck
	process, Wiener process, accuracy, autocorrelation signal, constant
	velocity model, discrete motion models, human head movements, iterated
	extended Kalman filter, muscular motion, operator's movements, rotational
	movements, slave electromechanical stereo camera platform, state
	covariance, stochastic differential equations, translational movements,
	visual tracking}
}

@INPROCEEDINGS{r06,
  author = {P Maes and T Darrell and B Blumberg and A Pentland},
  title = {The ALIVE system: full-body interaction with autonomous agents},
  year = {1995},
  pages = {11-18, 209},
  month = {Apr},
  doi = {10.1109/CA.1995.393553},
  journal = {Computer Animation '95., Proceedings.},
  keywords = { computer aided instruction, cooperative systems, interactive systems,
	knowledge based systems, software agents, user interfaces, virtual
	reality ALIVE system, autonomous agents, digital assistants, entertainment,
	full-body interaction, graphical objects, interface agents, teaching,
	training, virtual environments, virtual reality systems, wireless
	full-body interaction}
}

@ARTICLE{r13,
  author = {Maggioni, C.},
  title = {A novel gestural input device for virtual reality},
  journal = {Virtual Reality Annual International Symposium, 1993., 1993 IEEE},
  year = {18-22 Sep 1993},
  pages = {118-124},
  doi = {10.1109/VRAIS.1993.380789},
  keywords = {interactive devices, position control, position measurement, virtual
	reality3D input device, ImageGlove, Polhemus position sensor, gestural
	input device, hand orientation detection, hand position detection,
	nonimmersive virtual environments, real-time detection, virtual reality}
}

@INPROCEEDINGS{r02,
  author = {Masaki Oshita},
  title = {Motion-capture-based avatar control framework in third-person view
	virtual environments},
  booktitle = {ACE '06: Proceedings of the 2006 ACM SIGCHI international conference
	on Advances in computer entertainment technology},
  year = {2006},
  pages = {2},
  address = {New York, NY, USA},
  publisher = {ACM},
  doi = {http://doi.acm.org/10.1145/1178823.1178826},
  isbn = {1-59593-380-8},
  location = {Hollywood, California}
}

@INPROCEEDINGS{r08,
  author = {Emilee Patrick and Dennis Cosgrove and Aleksandra Slavkovic and Jennifer
	A. Rode and Thom Verratti and Greg Chiselko},
  title = {Using a large projection screen as an alternative to head-mounted
	displays for virtual environments},
  booktitle = {CHI '00: Proceedings of the SIGCHI conference on Human factors in
	computing systems},
  year = {2000},
  pages = {478--485},
  address = {New York, NY, USA},
  publisher = {ACM},
  doi = {http://doi.acm.org/10.1145/332040.332479},
  isbn = {1-58113-216-6},
  location = {The Hague, The Netherlands}
}

@INPROCEEDINGS{r01,
  author = {Konrad Tollmar and David Demirdjian and Trevor Darrell},
  title = {Navigating in virtual environments using a vision-based interface},
  booktitle = {NordiCHI '04: Proceedings of the third Nordic conference on Human-computer
	interaction},
  year = {2004},
  pages = {113--120},
  address = {New York, NY, USA},
  publisher = {ACM},
  doi = {http://doi.acm.org/10.1145/1028014.1028033},
  isbn = {1-58113-857-1},
  location = {Tampere, Finland}
}

@MISC{r15,
  author = {Vicon},
  title = {Motion Capturing Systems},
  howpublished = {http://www.vicon.com},
  month = {Novembro},
  year = {2007},
  owner = {mayan},
  timestamp = {2007.11.13}
}

@ARTICLE{r07,
  author = {Christopher Richard Wren and Ali Azarbayejani and Trevor Darrell
	and Alex Paul Pentland},
  title = {Pfinder: Real-Time Tracking of the Human Body},
  journal = {IEEE Trans. Pattern Anal. Mach. Intell.},
  year = {1997},
  volume = {19},
  pages = {780--785},
  number = {7},
  address = {Washington, DC, USA},
  doi = {http://dx.doi.org/10.1109/34.598236},
  issn = {0162-8828},
  publisher = {IEEE Computer Society}
}

@INPROCEEDINGS{r10,
  author = {Beth Yost and Yonca Haciahmetoglu and Chris North},
  title = {Beyond visual acuity: the perceptual scalability of information visualizations
	for large displays},
  booktitle = {CHI '07: Proceedings of the SIGCHI conference on Human factors in
	computing systems},
  year = {2007},
  pages = {101--110},
  address = {New York, NY, USA},
  publisher = {ACM},
  doi = {http://doi.acm.org/10.1145/1240624.1240639},
  isbn = {978-1-59593-593-9},
  location = {San Jose, California, USA}
}

