@InProceedings {FREEDOM01,
  author =	   {Christine Alvarado and Randall Davis},
  title =	     {Preserving the Freedom of Sketching to Create a Natural Computer-Based Sketch Tool},
  booktitle =	 {Human Computer Interaction International Proceedings},
  year =	     {2001},
  OPTkeywords ={Domain Sketch Systems}
}

@inproceedings {BEAUTY97,
  author =     {Takeo Igarashi and Satoshi Matsuoka and Sachiko Kawachiya and Hidehiko Tanaka},
  title =      {Interactive beautification: a technique for rapid geometric design},
  booktitle =  {UIST '97: Proceedings of the 10th annual ACM symposium on User interface software and technology},
  year =       {1997},
  isbn =       {0-89791-881-9},
  pages =      {105--114},
  location =   {Banff, Alberta, Canada},
  doi =        {http://doi.acm.org/10.1145/263407.263525},
  publisher =  {ACM Press},
  address =    {New York, NY, USA},
}

@inproceedings {CADVR06,
  author =     {Alberto Raposo and Eduardo T. L. Corseuil and Gustavo N. Wagner and Ismael H. F. dos Santos and Marcelo Gattass},
  title =      {Towards the use of cad models in VR applications},
  booktitle =  {VRCIA '06: Proceedings of the 2006 ACM international conference on Virtual reality continuum and its applications},
  year =       {2006},
  isbn =       {1-59593-324-7},
  pages =      {67--74},
  location =   {Hong Kong, China},
  doi =        {http://doi.acm.org/10.1145/1128923.1128935},
  publisher =  {ACM Press},
  address =    {New York, NY, USA},
}

@inproceedings {SKAN02,
  author =     {Thomas Jung and Mark D. Gross and Ellen Yi-Luen Do},
  title =      {Sketching annotations in a 3D web environment},
  booktitle =  {CHI '02: CHI '02 extended abstracts on Human factors in computing systems},
  year =       {2002},
  isbn =       {1-58113-454-1},
  pages =      {618--619},
  location =   {Minneapolis, Minnesota, USA},
  doi =        {http://doi.acm.org/10.1145/506443.506512},
  publisher =  {ACM Press},
  address =    {New York, NY, USA},
}

@article      {SMARTSK01,
  author =    {Liu Wenyin and Wenjie Qian and Rong Xiao and Xiangyu Jin},
  title =     {Smart Sketchpad - An On-line Graphics Recognition System},
  journal =   {icdar},
  volume =    {00},
  year =      {2001},
  isbn =      {0-7695-1263-1},
  pages =     {1050},
  doi =       {http://doi.ieeecomputersociety.org/10.1109/ICDAR.2001.953946},
  publisher = {IEEE Computer Society},
  address =   {Los Alamitos, CA, USA},
}

@InProceedings {DESFUT04,
  author =     {Aaron Adler and Jacob Eisenstein and Michael Oltmans and Lisa Guttentag and Randall Davis},
  title =      {Building the Design Studio of the Future},
  booktitle =  {Making Pen-Based Interaction Intelligent and Natural},
  year =       {2004},
  pages =      {1-7},
  publisher =  {AAAI Press},
  address =    {Menlo Park, California},
  month =      {October 21-24},
  OPTkeyword = {multimodal},
  OPTannote =	 {AAAI Making Pen-Based Interaction Intelligent and Natural Fall Symposium},
  category =   {foo},
}

% article handmade bibtex
%  isbn =      {0-7695-1263-1},
%  doi =       {http://doi.ieeecomputersociety.org/10.1109/ICDAR.2001.953946},
%  publisher = {IEEE Computer Society},
%  address =   {Los Alamitos, CA, USA},
@article      {DIGCLAY00,
  author =    {Eric Schweikardt and Mark D. Gross},
  title =     {Digital clay: deriving digital models from freehand sketches},
  journal =   {Automation in Construction},
  volume =    {9},
  year =      {2000},
  pages =     {107--115},
}

@inproceedings {LODCITY05,
  author =     {Jürgen Döllner and Henrik Buchholz},
  title =      {Continuous level-of-detail modeling of buildings in 3D city models},
  booktitle =  {GIS '05: Proceedings of the 13th annual ACM international workshop on Geographic information systems},
  year =       {2005},
  isbn =       {1-59593-146-5},
  pages =      {173--181},
  location =   {Bremen, Germany},
  doi =        {http://doi.acm.org/10.1145/1097064.1097089},
  publisher =  {ACM Press},
  address =    {New York, NY, USA},
}

@inproceedings {SPEEDZOOM00,
  author =     {Takeo Igarashi and Ken Hinckley},
  title =      {Speed-dependent automatic zooming for browsing large documents},
  booktitle =  {UIST '00: Proceedings of the 13th annual ACM symposium on User interface software and technology},
  year =       {2000},
  isbn =       {1-58113-212-3},
  pages =      {139--148},
  location =   {San Diego, California, United States},
  doi =        {http://doi.acm.org/10.1145/354401.354435},
  publisher =  {ACM Press},
  address =    {New York, NY, USA},
}

% TODO
@inproceedings {SPEEDZOOM01,
  author =     {Desney S. Tan and George G. Robertson and Mary Czerwinski},
  title =      {Exploring 3D navigation: combining speed-coupled flying with orbiting},
  booktitle =  {CHI '01: Proceedings of the SIGCHI conference on Human factors in computing systems},
  year =       {2001},
  isbn =       {1-58113-327-8},
  pages =      {418--425},
  location =   {Seattle, Washington, United States},
  doi =        {http://doi.acm.org/10.1145/365024.365307},
  publisher =  {ACM Press},
  address =    {New York, NY, USA},
}

@article      {SMARTCAM05,
  author =    {Henrik Buchholz and Johannes Bohnet and Jurgen Dollner},
  title =     {Smart and Physically-Based Navigation in 3D Geovirtual Environments},
  journal =   {iv},
  volume =    {00},
  year =      {2005},
  issn =      {1550-6037},
  pages =     {629-635},
  doi =       {http://doi.ieeecomputersociety.org/10.1109/IV.2005.117},
  publisher = {IEEE Computer Society},
  address =   {Los Alamitos, CA, USA},
}


@Misc{SITE-AUTOCAD,
	title={Autodesk AutoCAD},
	howpublished={Available at http://www.autocad.com},
	year={Last Accessed in January 2007},
	key={AUTOCAD},
}

@Misc{SITE-MAXWELL,
	title={Maxwell Render Engine},
	howpublished={Available at http://www.maxwellrender.com},
	year={Last Accessed in January 2007},
	key={MAXWELL},
}

@Misc{SITE-INDIGO,
	title={Indigo Renderer},
	howpublished={Available at http://www.indigorenderer.com},
	year={Last Accessed in January 2007},
	key={INDIGO},
}

@Misc{SITE-POVRAY,
	title={Point of View Raytracer},
	howpublished={Available at http://www.povray.org},
	year={Last Accessed in January 2007},
	key={POVRAY},
}

@Misc{SITE-ARCHICAD,
	title={ArchiCAD},
	howpublished={Available at http://www.graphisoft.com/products/archicad},
	year={Last Accessed in January 2007},
	key={ARCHICAD},
}

@Misc{SITE-REVIT,
	title={Autodesk Revit Building},
	howpublished={Available at http://www.autodesk.com/revit},
	year={Last Accessed in January 2007},
	key={REVIT},
}

@Misc{SITE-SKETCHUP,
	title={Google SketchUp},
	howpublished={Available at http://www.sketchup.com},
	year={Last Accessed in January 2007},
	key={SKETCHUP},
}

@Misc{SITE-MENTAL,
	title={Mental Ray rendering engine},
	howpublished={Available at http://www.autodesk.com/mentalray},
	year={Last Accessed in January 2007},
	key={MENTALRAY},
}

@Misc{SITE-EARTH,
	title={Google Earth},
	howpublished={Available at http://earth.google.com},
	year={Last Accessed in January 2007},
	key={EARTH},
}

@Misc{SITE-BLOG,
	title={Urban Sketcher Blog},
	howpublished={Disponível em http://urbansketcher.blogspot.com},
	year={Acedido em Janeiro de 2007},
	key={URBANSKETCHER},
}

@Misc{SITE-OPENSG,
	title={Open SG},
	howpublished={Disponível em http://opensg.vrsource.org/trac},
	year={Acedido em Janeiro de 2007},
	key={OPENSG},
}

@Misc{SITE-IMPROVE,
	title={Improving Display and Rendaring Technology for Virtual Environments},
	howpublished={Disponível em http://www.improve-eu.info},
	year={Acedido em Janeiro de 2007},
	key={IMPROVE},
}
