@InProceedings {FREEDOM01,
  author =	   {Christine Alvarado and Randall Davis},
  title =	     {Preserving the Freedom of Sketching to Create a Natural Computer-Based Sketch Tool},
  booktitle =	 {Human Computer Interaction International Proceedings},
  year =	     {2001},
  OPTkeywords ={Domain Sketch Systems}
}

@inproceedings {BEAUTY97,
  author =     {Takeo Igarashi and Satoshi Matsuoka and Sachiko Kawachiya and Hidehiko Tanaka},
  title =      {Interactive beautification: a technique for rapid geometric design},
  booktitle =  {UIST '97: Proceedings of the 10th annual ACM symposium on User interface software and technology},
  year =       {1997},
  isbn =       {0-89791-881-9},
  pages =      {105--114},
  location =   {Banff, Alberta, Canada},
  doi =        {http://doi.acm.org/10.1145/263407.263525},
  publisher =  {ACM Press},
  address =    {New York, NY, USA},
}

@inproceedings {CADVR06,
  author =     {Alberto Raposo and Eduardo T. L. Corseuil and Gustavo N. Wagner and Ismael H. F. dos Santos and Marcelo Gattass},
  title =      {Towards the use of cad models in VR applications},
  booktitle =  {VRCIA '06: Proceedings of the 2006 ACM international conference on Virtual reality continuum and its applications},
  year =       {2006},
  isbn =       {1-59593-324-7},
  pages =      {67--74},
  location =   {Hong Kong, China},
  doi =        {http://doi.acm.org/10.1145/1128923.1128935},
  publisher =  {ACM Press},
  address =    {New York, NY, USA},
}

@inproceedings {SKAN02,
  author =     {Thomas Jung and Mark D. Gross and Ellen Yi-Luen Do},
  title =      {Sketching annotations in a 3D web environment},
  booktitle =  {CHI '02: CHI '02 extended abstracts on Human factors in computing systems},
  year =       {2002},
  isbn =       {1-58113-454-1},
  pages =      {618--619},
  location =   {Minneapolis, Minnesota, USA},
  doi =        {http://doi.acm.org/10.1145/506443.506512},
  publisher =  {ACM Press},
  address =    {New York, NY, USA},
}

@article      {SMARTSK01,
  author =    {Liu Wenyin and Wenjie Qian and Rong Xiao and Xiangyu Jin},
  title =     {Smart Sketchpad - An On-line Graphics Recognition System},
  journal =   {icdar},
  volume =    {00},
  year =      {2001},
  isbn =      {0-7695-1263-1},
  pages =     {1050},
  doi =       {http://doi.ieeecomputersociety.org/10.1109/ICDAR.2001.953946},
  publisher = {IEEE Computer Society},
  address =   {Los Alamitos, CA, USA},
}

@InProceedings {DESFUT04,
  author =     {Aaron Adler and Jacob Eisenstein and Michael Oltmans and Lisa Guttentag and Randall Davis},
  title =      {Building the Design Studio of the Future},
  booktitle =  {Making Pen-Based Interaction Intelligent and Natural},
  year =       {2004},
  pages =      {1-7},
  publisher =  {AAAI Press},
  address =    {Menlo Park, California},
  month =      {October 21-24},
  OPTkeyword = {multimodal},
  OPTannote =	 {AAAI Making Pen-Based Interaction Intelligent and Natural Fall Symposium},
  category =   {foo},
}

% article handmade bibtex
%  isbn =      {0-7695-1263-1},
%  doi =       {http://doi.ieeecomputersociety.org/10.1109/ICDAR.2001.953946},
%  publisher = {IEEE Computer Society},
%  address =   {Los Alamitos, CA, USA},
@article      {DIGCLAY00,
  author =    {Eric Schweikardt and Mark D. Gross},
  title =     {Digital clay: deriving digital models from freehand sketches},
  journal =   {Automation in Construction},
  volume =    {9},
  year =      {2000},
  pages =     {107--115},
}

@inproceedings {LODCITY05,
  author =     {Jürgen Döllner and Henrik Buchholz},
  title =      {Continuous level-of-detail modeling of buildings in 3D city models},
  booktitle =  {GIS '05: Proceedings of the 13th annual ACM international workshop on Geographic information systems},
  year =       {2005},
  isbn =       {1-59593-146-5},
  pages =      {173--181},
  location =   {Bremen, Germany},
  doi =        {http://doi.acm.org/10.1145/1097064.1097089},
  publisher =  {ACM Press},
  address =    {New York, NY, USA},
}

@inproceedings {SPEEDZOOM00,
  author =     {Takeo Igarashi and Ken Hinckley},
  title =      {Speed-dependent automatic zooming for browsing large documents},
  booktitle =  {UIST '00: Proceedings of the 13th annual ACM symposium on User interface software and technology},
  year =       {2000},
  isbn =       {1-58113-212-3},
  pages =      {139--148},
  location =   {San Diego, California, United States},
  doi =        {http://doi.acm.org/10.1145/354401.354435},
  publisher =  {ACM Press},
  address =    {New York, NY, USA},
}

% TODO
@inproceedings {SPEEDZOOM01,
  author =     {Desney S. Tan and George G. Robertson and Mary Czerwinski},
  title =      {Exploring 3D navigation: combining speed-coupled flying with orbiting},
  booktitle =  {CHI '01: Proceedings of the SIGCHI conference on Human factors in computing systems},
  year =       {2001},
  isbn =       {1-58113-327-8},
  pages =      {418--425},
  location =   {Seattle, Washington, United States},
  doi =        {http://doi.acm.org/10.1145/365024.365307},
  publisher =  {ACM Press},
  address =    {New York, NY, USA},
}

@article      {SMARTCAM05,
  author =    {Henrik Buchholz and Johannes Bohnet and Jurgen Dollner},
  title =     {Smart and Physically-Based Navigation in 3D Geovirtual Environments},
  journal =   {iv},
  volume =    {00},
  year =      {2005},
  issn =      {1550-6037},
  pages =     {629-635},
  doi =       {http://doi.ieeecomputersociety.org/10.1109/IV.2005.117},
  publisher = {IEEE Computer Society},
  address =   {Los Alamitos, CA, USA},
}

@article{CROSSY,
  author =		{Georg Apitz and Fran\&\#231;ois Guimbreti\&\#232;re},
  title =			{CrossY: a crossing-based drawing application},
  journal =		{ACM Trans. Graph.},
  volume =		{24},
  number =		{3},
  year =			{2005},
  issn =			{0730-0301},
  pages =			{930--930},
  doi =				{http://doi.acm.org/10.1145/1073204.1073286},
  publisher = {ACM Press},
  address =		{New York, NY, USA},
}

@article{VREDUC,
	author = {Hannes Kaufmann and Dieter Schmalstieg},
	title = {Designing Immersive Virtual Reality for Geometry Education},
	journal = {vr},
	volume = {0},
	year = {2006},
	issn = {1087-8270},
	pages = {51-58},
	doi = {http://doi.ieeecomputersociety.org/10.1109/VR.2006.48},
	publisher = {IEEE Computer Society},
	address = {Los Alamitos, CA, USA},
}

@inproceedings{FREED,
	author = {Gerold Wesche and Hans-Peter Seidel},
	title = {FreeDrawer: a free-form sketching system on the responsive workbench},
	booktitle = {VRST '01: Proceedings of the ACM symposium on Virtual reality software and technology},
	year = {2001},
	isbn = {1-58113-427-4},
	pages = {167--174},
	location = {Baniff, Alberta, Canada},
	doi = {http://doi.acm.org/10.1145/505008.505041},
	publisher = {ACM Press},
	address = {New York, NY, USA},
}

@inproceedings{INTTABLE,
	author = {M. Hachet and P. Guitton},
	title = {The interaction table: a new input device designed for interaction in immersive large display environments},
	booktitle = {EGVE '02: Proceedings of the workshop on Virtual environments 2002},
	year = {2002},
	isbn = {1-58113-535-1},
	pages = {189--196},
	location = {Barcelona, Spain},
	publisher = {Eurographics Association},
	address = {Aire-la-Ville, Switzerland, Switzerland},
}

@inproceedings{VANDERPOL,
	author={R. van de Pol and W. Ribarsky and L. Hodges and F. Post},
	title={Interaction in semi-immersive large display environments},
	booktitle={In Proceedings of EGVE '99},
	year={1999},
	pages={157--168},
}

@inproceedings{TANINT,
	author = {Raffaele De Amicis and Giuseppe Conti and Michele Fiorentino},
	title = {Tangible interfaces in virtual environments for industrial design},
	booktitle = {AVI '04: Proceedings of the working conference on Advanced visual interfaces},
	year = {2004},
	isbn = {1-58113-867-9},
	pages = {261--264},
	location = {Gallipoli, Italy},
	doi = {http://doi.acm.org/10.1145/989863.989908},
	publisher = {ACM Press},
	address = {New York, NY, USA},
}

@inproceedings{GROSS,
	author = {Tovi Grossman and Ravin Balakrishnan and Gordon Kurtenbach and George Fitzmaurice and Azam Khan and Bill Buxton},
	title = {Interaction techniques for 3D modeling on large displays},
	booktitle = {SI3D '01: Proceedings of the 2001 symposium on Interactive 3D graphics},
	year = {2001},
	isbn = {1-58113-292-1},
	pages = {17--23},
	doi = {http://doi.acm.org/10.1145/364338.364341},
	publisher = {ACM Press},
	address = {New York, NY, USA},
}

@inproceedings{WAND,
	author = {Xiang Cao and Ravin Balakrishnan},
	title = {VisionWand: interaction techniques for large displays using a passive wand tracked in 3D},
	booktitle = {UIST '03: Proceedings of the 16th annual ACM symposium on User interface software and technology},
	year = {2003},
	isbn = {1-58113-636-6},
	pages = {173--182},
	location = {Vancouver, Canada},
	doi = {http://doi.acm.org/10.1145/964696.964716},
	publisher = {ACM Press},
	address = {New York, NY, USA},
}

@article{GESREC,
	author = {Guangqi Ye and Jason J. Corso and Gregory D. Hager},
	title = {Gesture Recognition Using 3D Appearance and Motion Features},
	journal = {cvprw},
	volume = {10},
	year = {2004},
	issn = {1063-6919},
	pages = {160},
	doi = {http://doi.ieeecomputersociety.org/10.1109/CVPR.2004.356},
	publisher = {IEEE Computer Society},
	address = {Los Alamitos, CA, USA},
}

@INPROCEEDINGS{TOW3D,
	author		= {Stéphane Huot and Cédric Dumas and Gérard Hégron},
  	title		= {Toward Creative 3{D} Modeling: an Architects'
                  	   Sketches Study},
  	booktitle	= {Proceedings of the 9th IFIP TC13 International
                  	   Conference on Human-Computer Interaction (INTERACT'03)},
  	year		= {2003},
  	pages		= {785--788},
  	month		= sep,
  	publisher	= {IOS Press},
  	location	= {Zurich, Switzerland}
}

@article{POST,
	author = {Johnny Biström, Alessandro Cogliati and Kimmo Rouhiainen},
	title = {Post-WIMP User Interface Model for 3D Web Applications},
	journal = {Research Seminar on Digital Media},
	year = {2005},
	pages = {21},
	address = {Telecommunications Software and Multimedia Laboratory, Helsinki University of Technology. Finland},
}

@inproceedings{WBOARD,
	author = {Jun Rekimoto},
	title = {A multiple device approach for supporting whiteboard-based interactions},
	booktitle = {CHI '98: Proceedings of the SIGCHI conference on Human factors in computing systems},
	year = {1998},
	isbn = {0-201-30987-4},
	pages = {344--351},
	location = {Los Angeles, California, United States},
	doi = {http://doi.acm.org/10.1145/274644.274692},
	publisher = {ACM Press/Addison-Wesley Publishing Co.},
	address = {New York, NY, USA},
}

@inproceedings {WIM,
	author=		"Joseph LaViola and Daniel Acevedo and Daniel Keefe and Robert Zeleznik",
	booktitle=	"Proceedings of ACM Symposium on Interactive 3D Graphics 2001",
	month=		"March",
	pages=		"9--15",
	title=		"Hands-Free Multi-Scale Navigation in Virtual Environments",
	year=		"2001",
	theme=		"vr",
	project=	"cavepainting",
	added-by=	"Daniel Keefe",
	date-added=	"Thu June 27 12:45:17 2002"
}

@inproceedings{NAVGE,
	author = {Clifton Forlines and Alan Esenther and Chia Shen and Daniel Wigdor and Kathy Ryall},
	title = {Multi-user, multi-display interaction with a single-user, single-display geospatial application},
	booktitle = {UIST '06: Proceedings of the 19th annual ACM symposium on User interface software and technology},
	year = {2006},
	isbn = {1-59593-313-1},
	pages = {273--276},
	location = {Montreux, Switzerland},
	doi = {http://doi.acm.org/10.1145/1166253.1166296},
	publisher = {ACM Press},
	address = {New York, NY, USA},
}

@inproceedings{PERLIN,
	author = {Ken Perlin},
	title = {Quikwriting: continuous stylus-based text entry},
	booktitle = {UIST '98: Proceedings of the 11th annual ACM symposium on User interface software and technology},
	year = {1998},
	isbn = {1-58113-034-1},
	pages = {215--216},
	location = {San Francisco, California, United States},
	doi = {http://doi.acm.org/10.1145/288392.288613},
	publisher = {ACM Press},
	address = {New York, NY, USA},
}

@article{GRAF,
	author={Aykut Erdem and Erkut Erdem and Volkan Atalay and Enis Çetin},
	title={Vision-Based Continuous Graffiti-like Text Entry System},
	year={2004},
	journal={},
}

@InProceedings{GLYPH,
	Author = {Poirier, F.},
	Title = {{Glyph: a New Stroke-Alphabet for Stylus-Based or Key-Based Text Entry}},
	BookTitle = {11th Conference on Human-Computer Interaction - HCII 2005},
	Address = {Las Vegas, USA},
	Month = {July},
	Year = {2005}
}

@inproceedings{JOYCOMP,
	author = {Jacob O. Wobbrock and Brad A. Myers and Htet Htet Aung},
	title = {Writing with a joystick: a comparison of date stamp, selection keyboard, and EdgeWrite},
	booktitle = {GI '04: Proceedings of the 2004 conference on Graphics interface},
	year = {2004},
	isbn = {1-56881-227-2},
	pages = {1--8},
	location = {London, Ontario, Canada},
	publisher = {Canadian Human-Computer Communications Society},
	address = {School of Computer Science, University of Waterloo, Waterloo, Ontario, Canada},
 }

@article{WIMP,
	author = {Andries van Dam},
	title = {Post-WIMP user interfaces},
	journal = {Commun. ACM},
	volume = {40},
	number = {2},
	year = {1997},
	issn = {0001-0782},
	pages = {63--67},
	doi = {http://doi.acm.org/10.1145/253671.253708},
	publisher = {ACM Press},
	address = {New York, NY, USA},
}

@Misc{SITE-AUTOCAD,
	title={Autodesk AutoCAD},
	howpublished={http://www.autocad.com},
	year={ Last access: January 2007},
	key={AUTOCAD},
}

@Misc{SITE-MAXWELL,
	title={Maxwell Render Engine},
	howpublished={http://www.maxwellrender.com},
	year={ Last access: January 2007},
	key={MAXWELL},
}

@Misc{SITE-INDIGO,
	title={Indigo Renderer},
	howpublished={http://www.indigorenderer.com},
	year={ Last access: January 2007},
	key={INDIGO},
}

@Misc{SITE-POVRAY,
	title={Point of View Raytracer},
	howpublished={http://www.povray.org},
	year={ Last access: January 2007},
	key={POVRAY},
}

@Misc{SITE-ARCHICAD,
	title={ArchiCAD},
	howpublished={http://www.graphisoft.com/products/archicad},
	year={ Last access: January 2007},
	key={ARCHICAD},
}

@Misc{SITE-REVIT,
	title={Autodesk Revit Building},
	howpublished={http://www.autodesk.com/revit},
	year={ Last access: January 2007},
	key={REVIT},
}

@Misc{SITE-SKETCHUP,
	title={Google SketchUp},
	howpublished={http://www.sketchup.com},
	year={ Last access: January 2007},
	key={SKETCHUP},
}

@Misc{SITE-MENTAL,
	title={Mental Ray rendering engine},
	howpublished={http://www.autodesk.com/mentalray},
	year={ Last access: January 2007},
	key={MENTALRAY},
}

@Misc{SITE-EARTH,
	title={Google Earth},
	howpublished={http://earth.google.com},
	year={ Last access: January 2007},
	key={EARTH},
}

@Misc{SITE-BLOG,
	title={Urban Sketcher Blog},
	howpublished={http://urbansketcher.blogspot.com},
	year={ Last access: January 2007},
	key={URBANSKETCHER},
}

@Misc{SITE-IMPROVE,
	title={Improving Display and Rendaring Technology for Virtual Environments},
	howpublished={http://www.improve-eu.info},
	year={ Last access: January 2007},
	key={IMPROVE},
}

@Misc{SITE-STT,
	title={STT -- Ingenieria y Sistemas},
	howpublished={http://www.simtechniques.com},
	year={ Last access: January 2007},
	key={STT},
}

@Misc{SITE-OPENSG,
	title={OpenSG},
	howpublished={http://opensg.vrsource.org},
	year={ Last access: January 2007},
	key={OPENSG},
}

@Misc{SITE-OSG,
	title={Open Scene Graph},
	howpublished={http://www.openscenegraph.org},
	year={ Last access: January 2007},
	key={OSG},
}
