%% This BibTeX bibliography file was created using BibDesk.
%% http://bibdesk.sourceforge.net/


%% Created for José Gonçalves at 2007-07-02 01:08:38 +0100 


%% Saved with string encoding Unicode (UTF-8) 



@conference{leme,
	Author = {Bruno Rodrigues de Ara{\'u}jo, Tiago Guerreiro, Ricardo Jota Costa, Joaquim Armando Pires Jorge},
	Booktitle = {13o Encontro Portugu{\^e}s de Computa{\c c}{\~a}o Gr{\'a}fica, Universidade Tr{\'a}s-Os-Montes e Alto Douro, Vila Real, Portugal},
	Date-Added = {2007-07-02 00:54:56 +0100},
	Date-Modified = {2007-07-02 01:08:35 +0100},
	Month = {10},
	Title = {LEMe Wall: Desenvolvendo um Sistema de Multi-Projec{\c c}{\~a}o},
	Year = {2005}}

@article{anderson92,
	Author = {R.E. Anderson},
	Journal = {Social Science Computing Review},
	Pages = {453--469},
	Title = {Social impacts of computing: Codes of professional ethics},
	Volume = {2},
	Year = {1992}}

@misc{jorge00,
	Author = {Joaquim A. Jorge and Beatriz Sousa Santos and Jos\'{e} Manuel Dion\'{\i}sio and Ant\'{o}nio Augusto de Sousa and Fernando Nunes Ferreira},
	Howpublished = {\texttt{http://virtual.inesc.pt/style/ template.pdf}},
	Month = may,
	Title = {VIRtual Journal submission format},
	Year = {2000}}
